@article{doi:10.2514/1.29534,
author = {Psiaki, Mark L. and Mohiuddin, Shan},
title = {Modeling, Analysis, and Simulation of GPS Carrier Phase for Spacecraft Relative Navigation},
journal = {Journal of Guidance, Control, and Dynamics},
volume = {30},
number = {6},
pages = {1628-1639},
year = {2007},
doi = {10.2514/1.29534},

URL = { 
    
        https://doi.org/10.2514/1.29534
    
    

},
eprint = { 
    
        https://doi.org/10.2514/1.29534
    
    

}

}
@ARTICLE{7328321,  author={Garcia, Javier G. and Roncagliolo, Pedro A. and Muravchik, Carlos H.},  journal={IEEE Transactions on Signal Processing},   title={A Bayesian Technique for Real and Integer Parameters Estimation in Linear Models and Its Application to GNSS High Precision Positioning},   year={2016},  volume={64},  number={4},  pages={923-933},  doi={10.1109/TSP.2015.2500195}}